@book {dummit,
	author = "Dummit, David Steven and Richard M. Foote",
	title = "Abstract Algebra",
	publisher = "New Delhi: Wiley-India",
	year = "2004"
}

@book {gallian,
	author = "Gallian, Joseph A.",
	title = "Contemporary Abstract Algebra",
	publisher = "Boston, MA: Brooks / Cole Cengage Learning",
	year = "2013"
}

@book {wilson,
	author = "Robert Wilson",
	title = "The Finite Simple Groups",
	publisher = "Springer",
	year = "2009"
}

@article {number6,
	author = "Daniel Gorenstein, Richard Lyons and Ronald Solomon",
	title = "The Classification of Finite Simple Groups Number 6",
	journal = "Mathematical Surveys and Monographs",
	year = "2005",
	volume = "40",
	number = "6"
}

@misc {wiki:monsterdiagram,
    author = "Drschawrz",
    title = "Diagram of Sporadic Finite Simple Groups",
    year = "2008",
    url = "\url{https://en.wikipedia.org/wiki/Monster_group#/media/File:Finitesubgroups.svg}",
    note = "[Online; accessed May 7, 2016]"
}